<?xml version="1.0"?>
<marc:records xmlns:marc="http://www.loc.gov/MARC21/slim" xmlns:xsi="http://www.w3.org/2001/XMLSchema-instance" xsi:schemaLocation="http://www.loc.gov/MARC21/slim http://www.loc.gov/standards/marcxml/schema/MARC21slim.xsd">
  <marc:record>
    <marc:leader>03189ntm a2200361 u 4500</marc:leader>
    <marc:controlfield tag="001">9977165348203681</marc:controlfield>
    <marc:controlfield tag="005">20200902152802.0</marc:controlfield>
    <marc:controlfield tag="008">171017q15901599sp            000 0 spa d</marc:controlfield>
    <marc:datafield ind1=" " ind2=" " tag="035">
  <marc:subfield code="a">(OCoLC)on1144919941</marc:subfield>
</marc:datafield>
    <marc:datafield ind1=" " ind2=" " tag="035">
  <marc:subfield code="a">(OCoLC)1144919941</marc:subfield>
</marc:datafield>
    <marc:datafield ind1=" " ind2=" " tag="035">
  <marc:subfield code="a">(PUVoyagerBIBID)9977165348203681</marc:subfield>
</marc:datafield>
    <marc:datafield ind1=" " ind2=" " tag="040">
  <marc:subfield code="a">PAU</marc:subfield>
  <marc:subfield code="b">eng</marc:subfield>
  <marc:subfield code="c">PAU</marc:subfield>
</marc:datafield>
    <marc:datafield ind1="0" ind2=" " tag="041">
  <marc:subfield code="a">spa</marc:subfield>
  <marc:subfield code="a">lat</marc:subfield>
</marc:datafield>
    <marc:datafield ind1=" " ind2="9" tag="099">
  <marc:subfield code="a">Misc Mss Box 24 Folder 21</marc:subfield>
</marc:datafield>
    <marc:datafield ind1="0" ind2="0" tag="245">
  <marc:subfield code="a">Relacion de la manera et forma que tienen en Espa&#xF1;a en su justicia civil y criminal,</marc:subfield>
  <marc:subfield code="f">1590s?</marc:subfield>
</marc:datafield>
    <marc:datafield ind1=" " ind2=" " tag="300">
  <marc:subfield code="a">1</marc:subfield>
  <marc:subfield code="f">item (16 leaves) :</marc:subfield>
  <marc:subfield code="b">paper ;</marc:subfield>
  <marc:subfield code="c">308 x 215 mm.</marc:subfield>
</marc:datafield>
    <marc:datafield ind1="0" ind2=" " tag="505">
  <marc:subfield code="a">El Consejo Real -- Chancillerias -- Presidente -- Oydores -- Los alcaldes -- Audiencia de Galicia -- Las gradas de Sevilla -- Corregidores y alcaldes mayores -- Alcaldes mayores -- Orden y nombre de los juezes de la Chancilleria de Valladolid -- Consejo Real -- Consejo de Indias --  Consejo de Ordines -- Consejo de Guerra -- Consejo de Estado de Camara -- Alcaldes de corte -- Consejo de Aragon -- Consejo de Italia -- Consejo de Camara -- Contadurias mayores de cuentas -- Consejo de resultas de cuentas -- Consejo de resultas de cuentas -- Consejo de collacion -- Consejo de hazienda -- Consejo de Presidentes -- Chancillerias -- Inquisicion General que siempre reside en la corte.</marc:subfield>
</marc:datafield>
    <marc:datafield ind1=" " ind2=" " tag="520">
  <marc:subfield code="a">Description of the Spanish civil and criminal courts, including judges and other personnel, salaries, and procedural notes such as activities of different days of the week in different courtrooms.  Written in italic script in Spain, probably in the 1590s, based on the names of the people serving in various courts and the watermark (Briquet Croix latine 5688, Perpignan, 1596, f. 14).  Four bifolia, arranged with one bifolium (f. 1, 8) as a wrapper around a subquire of 4 (f. 2-5) followed by a separate bifolium (f. 6-7), which may be a separate document although with related content (salaries of court personnel, partially repeating f. 1r but also including salaries for Inquisition personnel); modern foliation in pencil, lower right recto, 1-8.</marc:subfield>
</marc:datafield>
    <marc:datafield ind1=" " ind2=" " tag="546">
  <marc:subfield code="a">In Spanish with two quotations in Latin (f. 3v).</marc:subfield>
</marc:datafield>
    <marc:datafield ind1="1" ind2=" " tag="561">
  <marc:subfield code="a">Sold by A. Gerits and Son (Diemen, Netherlands), catalog 146 (November 2017), number 80.</marc:subfield>
</marc:datafield>
    <marc:datafield ind1=" " ind2=" " tag="590">
  <marc:subfield code="a">Acquired for the Penn Libraries with assistance from the Henry Charles Lea Fund.</marc:subfield>
</marc:datafield>
    <marc:datafield ind1=" " ind2=" " tag="590">
  <marc:subfield code="a">Acquired for the Penn Libraries with assistance from the Arthur H. Lea Library Endowment Fund.</marc:subfield>
</marc:datafield>
    <marc:datafield ind1=" " ind2="0" tag="650">
  <marc:subfield code="a">Courts</marc:subfield>
  <marc:subfield code="z">Spain</marc:subfield>
  <marc:subfield code="v">Early works to 1800.</marc:subfield>
</marc:datafield>
    <marc:datafield ind1=" " ind2="0" tag="650">
  <marc:subfield code="a">Procedure (Law)</marc:subfield>
  <marc:subfield code="z">Spain</marc:subfield>
  <marc:subfield code="v">Early works to 1800.</marc:subfield>
</marc:datafield>
    <marc:datafield ind1=" " ind2="7" tag="655">
  <marc:subfield code="a">Treatises.</marc:subfield>
  <marc:subfield code="2">aat</marc:subfield>
</marc:datafield>
    <marc:datafield ind1=" " ind2="7" tag="655">
  <marc:subfield code="a">Manuscripts, Spanish</marc:subfield>
  <marc:subfield code="y">16th century.</marc:subfield>
  <marc:subfield code="2">local</marc:subfield>
</marc:datafield>
    <marc:datafield ind1=" " ind2="0" tag="655">
  <marc:subfield code="a">Manuscripts, Renaissance.</marc:subfield>
</marc:datafield>
    <marc:datafield ind1="2" ind2=" " tag="710">
  <marc:subfield code="a">Henry Charles Lea Fund.</marc:subfield>
  <marc:subfield code="5">PU</marc:subfield>
</marc:datafield>
    <marc:datafield ind1="2" ind2=" " tag="710">
  <marc:subfield code="a">Arthur H. Lea Library Endowment Fund.</marc:subfield>
  <marc:subfield code="5">PU</marc:subfield>
</marc:datafield>
    <marc:datafield ind1="0" ind2=" " tag="773">
  <marc:subfield code="t">Miscellaneous Manuscripts.</marc:subfield>
  <marc:subfield code="g">Box 24 Folder 21</marc:subfield>
</marc:datafield>
    <marc:datafield ind1="0" ind2="0" tag="773">
  <marc:subfield code="t">Henry Charles Lea Fund.</marc:subfield>
</marc:datafield>
    <marc:datafield ind1="0" ind2="0" tag="773">
  <marc:subfield code="t">Arthur H. Lea Library Endowment Fund.</marc:subfield>
</marc:datafield>
    <marc:datafield ind1=" " ind2=" " tag="852">
  <marc:subfield code="b">Kislak Center for Special Collections, Rare Books and Manuscripts</marc:subfield>
  <marc:subfield code="a">University of Pennsylvania</marc:subfield>
  <marc:subfield code="e">3420 Walnut Street, Philadelphia, Pennsylvania 19104-6206.</marc:subfield>
  <marc:subfield code="j">Misc Mss Box 24 Folder 21</marc:subfield>
</marc:datafield>
    <marc:datafield ind1="4" ind2="2" tag="856">
  <marc:subfield code="3">The Henry Charles Lea Fund Home Page</marc:subfield>
  <marc:subfield code="u">http://hdl.library.upenn.edu/1017.12/366238</marc:subfield>
</marc:datafield>
    <marc:datafield ind1="4" ind2="2" tag="856">
  <marc:subfield code="3">The Arthur H. Lea Library Endowment Fund Home Page</marc:subfield>
  <marc:subfield code="u">http://hdl.library.upenn.edu/1017.12/366237</marc:subfield>
</marc:datafield>
    <marc:holdings>
      <marc:holding>
        <marc:holding_id>22512098020003681</marc:holding_id>
        <marc:call_number>Misc Mss Box 24 Folder 21</marc:call_number>
        <marc:library>KislakCntr</marc:library>
        <marc:location>scmss</marc:location>
      </marc:holding>
    </marc:holdings>
  </marc:record>
</marc:records>
